@online{pca,
    title = {PCA的数学原理},
    date = {2013-06-22},
    url = {http://blog.codinglabs.org/articles/pca-tutorial.html},
}
