@online{icawikipedia,
    title = {独立成分分析},
    date = {2017-10-12},
    url = {https://zh.wikipedia.org/wiki/%E7%8B%AC%E7%AB%8B%E6%88%90%E5%88%86%E5%88%86%E6%9E%90},
}

@online{example,
    title = {Blind source separation using FastICA},
    date = {2017-12-24},
    url = {http://scikit-learn.org/dev/auto_examples/decomposition/plot_ica_blind_source_separation.html},
}

@article{ica,
    title = "Independent component analysis: algorithms and applications",
    journal = "Neural Networks",
    volume = "13",
    number = "4",
    pages = "411 - 430",
    year = "2000",
    issn = "0893-6080",
    doi = "https://doi.org/10.1016/S0893-6080(00)00026-5",
    url = "http://www.sciencedirect.com/science/article/pii/S0893608000000265",
    author = "A. Hyvärinen and E. Oja",
    keywords = "Independent component analysis, Projection pursuit, Blind signal separation, Source separation, Factor analysis, Representation"
}

@ARTICLE{fastica,
    author={A. Hyvarinen},
    journal={IEEE Transactions on Neural Networks},
    title={Fast and robust fixed-point algorithms for independent component analysis},
    year={1999},
    volume={10},
    number={3},
    pages={626-634},
    keywords={convergence of numerical methods;fixed point arithmetic;function approximation;mathematics computing;maximum entropy methods;optimisation;statistical analysis;Comon information theory;contrast functions;convergence;fixed-point algorithms;function approximation;independent component analysis;maximum entropy approximations;optimization;projection pursuit;statistical analysis;Blind source separation;Data mining;Entropy;Feature extraction;Independent component analysis;Information theory;Mutual information;Robustness;Signal processing algorithms;Vectors},
    doi={10.1109/72.761722},
    ISSN={1045-9227},
    month={May},
}

@book{icachinese,
    title={独立成分分析},
    author={AAPOHYVARINEN and JUHAKARHUNEN and ERKK},
    publisher={电子工业出版社},
    year={2014},
}

@online{icatutorial,
    title = {史上最直白的{ICA}教程},
    date = {2015-12-11},
    url = {http://odjt9j2ec.bkt.clouddn.com/ica-%E5%8F%B2%E4%B8%8A%E6%9C%80%E7%9B%B4%E7%99%BD%E7%9A%84ICA%E6%95%99%E7%A8%8B.pdf},
}


